<record><leader>00000cas a22000007a 4500</leader><controlfield tag="001">20590444</controlfield><controlfield tag="008">891103d19831984lauwr ne      0    0eng d</controlfield><datafield ind1=" " ind2=" " tag="010"><subfield code="a">sn 89059428 </subfield></datafield><datafield ind1=" " ind2=" " tag="040"><subfield code="a">LNP</subfield><subfield code="b">eng</subfield><subfield code="c">LNP</subfield><subfield code="d">OCLCQ</subfield></datafield><datafield ind1=" " ind2=" " tag="042"><subfield code="a">msc</subfield></datafield><datafield ind1="0" ind2="4" tag="245"><subfield code="a">The Vidalia times.</subfield></datafield><datafield ind1=" " ind2=" " tag="260"><subfield code="a">Vidalia, La. :</subfield><subfield code="b">Dan Richey</subfield></datafield><datafield ind1=" " ind2=" " tag="300"><subfield code="a">v.</subfield></datafield><datafield ind1=" " ind2=" " tag="310"><subfield code="a">Weekly</subfield></datafield><datafield ind1="0" ind2=" " tag="362"><subfield code="a">Vol. 1, no. 1 (Aug. 3, 1983)-v. 2, no. 2 [i.e. 23] (Jan. 12, 1984).</subfield></datafield><datafield ind1=" " ind2=" " tag="752"><subfield code="a">United States</subfield><subfield code="b">Louisiana</subfield><subfield code="c">Condordia</subfield><subfield code="d">Vidalia.</subfield></datafield></record>